<?xml version="1.0" encoding="UTF-8"?><collection xmlns="http://www.loc.gov/MARC21/slim"><record><leader>00717nam--2200229-u-4500</leader><controlfield tag="001">000050783</controlfield><controlfield tag="002">20161230</controlfield><controlfield tag="005">20161230201048</controlfield><controlfield tag="008">080403s1000------------r-----000-0-eng-d</controlfield><datafield ind1=" " ind2=" " tag="020"><subfield code="a">0198526644</subfield></datafield><datafield ind1=" " ind2=" " tag="040"><subfield code="a">IFIN-HH</subfield></datafield><datafield ind1=" " ind2=" " tag="080"><subfield code="a">548.2:538.91</subfield></datafield><datafield ind1="1" ind2=" " tag="100"><subfield code="a">Ferraris, Giovanni</subfield></datafield><datafield ind1="1" ind2="0" tag="245"><subfield code="a">Crystallography of Modular Materials</subfield><subfield code="c">Giovanni Ferraris; Emil Makovicky; Stefano Merlino</subfield></datafield><datafield ind1=" " ind2=" " tag="260"><subfield code="a">Oxford</subfield><subfield code="b">Oxford University Press</subfield><subfield code="c">2004</subfield></datafield><datafield ind1=" " ind2=" " tag="300"><subfield code="a">370 p</subfield></datafield><datafield ind1=" " ind2=" " tag="490"><subfield code="a">IUCr Monographs on Crystollagrophy</subfield><subfield code="v">Vol. 15</subfield></datafield><datafield ind1=" " ind2=" " tag="504"><subfield code="a">Includes Bibliographical References and Index</subfield></datafield><datafield ind1=" " ind2="4" tag="650"><subfield code="a">Modular Series-Principles and Types</subfield></datafield><datafield ind1="1" ind2=" " tag="700"><subfield code="a">Merlino, Stefano</subfield></datafield><datafield ind1=" " ind2=" " tag="852"><subfield code="a">81990</subfield><subfield code="c">548</subfield></datafield><datafield ind1=" " ind2=" " tag="CAT"><subfield code="a">Sys</subfield><subfield code="c">20110407</subfield><subfield code="h">135446</subfield></datafield></record></collection>